<record><leader>00000cas a22000007a 4500</leader><controlfield tag="001">12488892</controlfield><controlfield tag="008">850904d18891916inudr ne      0    0eng d</controlfield><datafield ind1=" " ind2=" " tag="010"><subfield code="a">sn 85048026 </subfield></datafield><datafield ind1=" " ind2=" " tag="040"><subfield code="a">NPI</subfield><subfield code="b">eng</subfield><subfield code="c">NPI</subfield><subfield code="d">OCLCQ</subfield></datafield><datafield ind1=" " ind2=" " tag="042"><subfield code="a">msc</subfield></datafield><datafield ind1="0" ind2=" " tag="130"><subfield code="a">Madison daily Democrat (Madison, Ind.)</subfield></datafield><datafield ind1="1" ind2="0" tag="245"><subfield code="a">Madison daily Democrat.</subfield></datafield><datafield ind1=" " ind2=" " tag="260"><subfield code="a">Madison, Ind. :</subfield><subfield code="b">Democrat Co.</subfield></datafield><datafield ind1="1" ind2=" " tag="362"><subfield code="a">Began in Sept. 1889; ceased in 1916?</subfield></datafield><datafield ind1=" " ind2=" " tag="515"><subfield code="a">Most copies carry no volume or issue numbers.</subfield></datafield><datafield ind1=" " ind2=" " tag="580"><subfield code="a">Published also, 1889-1893, in a weekly edition: Madison weekly Democrat, and 1893-1916?, in a semiweekly edition: Madison twice-a-week Democrat.</subfield></datafield><datafield ind1=" " ind2=" " tag="588"><subfield code="a">Description based on: Vol. 2, no. 1 (Apr. 5, 1890).</subfield></datafield><datafield ind1=" " ind2=" " tag="752"><subfield code="a">United States</subfield><subfield code="b">Indiana</subfield><subfield code="c">Jefferson</subfield><subfield code="d">Madison.</subfield></datafield><datafield ind1="1" ind2=" " tag="775"><subfield code="t">Madison weekly Democrat (Madison, Ind. : 1889)</subfield><subfield code="w">(DLC)sn 85048025</subfield></datafield><datafield ind1="1" ind2=" " tag="775"><subfield code="t">Madison twice-a-week Democrat</subfield><subfield code="w">(DLC)sn 85048027</subfield></datafield></record>